
@book{cameron-2010,
  title={Microeconometrics using stata},
  author={Cameron, Adrian Colin and Trivedi, Pravin K and others},
  volume={2},
  year={2010},
  publisher={Stata press College Station, TX}
}







